<record><leader>00000cas a2200000 a 4500</leader><controlfield tag="001">43191127</controlfield><controlfield tag="008">000106c19979999oruwr ne      0    0eng c</controlfield><datafield ind1=" " ind2=" " tag="010"><subfield code="a">sn 99063896 </subfield></datafield><datafield ind1=" " ind2=" " tag="040"><subfield code="a">OCN</subfield><subfield code="b">eng</subfield><subfield code="c">OCN</subfield><subfield code="d">OCLCQ</subfield><subfield code="d">OCLCF</subfield><subfield code="d">OCLCO</subfield></datafield><datafield ind1="1" ind2=" " tag="029"><subfield code="a">AU@</subfield><subfield code="b">000021315997</subfield></datafield><datafield ind1=" " ind2=" " tag="032"><subfield code="a">369-880</subfield><subfield code="b">USPS</subfield></datafield><datafield ind1=" " ind2=" " tag="042"><subfield code="a">pcc</subfield></datafield><datafield ind1=" " ind2=" " tag="043"><subfield code="a">n-us-or</subfield></datafield><datafield ind1="0" ind2=" " tag="130"><subfield code="a">Myrtle Point herald (Myrtle Point, Or.)</subfield></datafield><datafield ind1="1" ind2="0" tag="245"><subfield code="a">Myrtle Point herald.</subfield></datafield><datafield ind1=" " ind2=" " tag="260"><subfield code="a">Myrtle Point, Or. :</subfield><subfield code="b">L.J. Isenhart,</subfield><subfield code="c">1997-</subfield></datafield><datafield ind1=" " ind2=" " tag="300"><subfield code="a">v.</subfield></datafield><datafield ind1=" " ind2=" " tag="310"><subfield code="a">Weekly</subfield></datafield><datafield ind1="0" ind2=" " tag="362"><subfield code="a">Vol. 108, no. 2 (Jan. 8, 1997)-</subfield></datafield><datafield ind1=" " ind2=" " tag="500"><subfield code="a">Some irregularities in numbering.</subfield></datafield><datafield ind1=" " ind2=" " tag="530"><subfield code="a">Also issued on microfilm from University of Oregon.</subfield></datafield><datafield ind1=" " ind2=" " tag="588"><subfield code="a">Latest issue consulted: Vol. 111, no. 52 (Dec. 30, 1999).</subfield></datafield><datafield ind1=" " ind2="0" tag="651"><subfield code="a">Myrtle Point (Or.)</subfield><subfield code="v">Newspapers.</subfield></datafield><datafield ind1=" " ind2="7" tag="655"><subfield code="a">Newspapers.</subfield><subfield code="2">fast</subfield><subfield code="0">(OCoLC)fst01423814</subfield></datafield><datafield ind1=" " ind2="7" tag="651"><subfield code="a">Oregon</subfield><subfield code="z">Myrtle Point.</subfield><subfield code="2">fast</subfield><subfield code="0">(OCoLC)fst01250833</subfield></datafield><datafield ind1=" " ind2=" " tag="752"><subfield code="a">United States</subfield><subfield code="b">Oregon</subfield><subfield code="c">Coos</subfield><subfield code="d">Myrtle Point.</subfield></datafield><datafield ind1="0" ind2="0" tag="780"><subfield code="t">Herald (Myrtle Point, Or.)</subfield><subfield code="w">(DLC)sn 99063895</subfield></datafield></record>